<record xmlns="http://www.loc.gov/MARC21/slim" xmlns:xsi="http://www.w3.org/2001/XMLSchema-instance" xsi:schemaLocation="http://www.loc.gov/MARC21/slim http://www.loc.gov/standards/marcxml/schema/MARC21slim.xsd"><leader>     nam a22        4500</leader><controlfield tag="001">2353806</controlfield><controlfield tag="003">NNC</controlfield><controlfield tag="006">m        d        </controlfield><controlfield tag="007">cr cn |||m|||a</controlfield><controlfield tag="008">150316s1963    sy ab   o     000 0 araod</controlfield><datafield ind1=" " ind2=" " tag="040"><subfield code="a">NNU</subfield><subfield code="b">eng</subfield><subfield code="e">rda</subfield><subfield code="c">NNU</subfield></datafield><datafield ind1="1" ind2=" " tag="100"><subfield code="6">880-01</subfield><subfield code="a">Paronean, Hakob,</subfield><subfield code="d">1841?-1891.</subfield></datafield><datafield ind1="1" ind2="3" tag="245"><subfield code="6">880-02</subfield><subfield code="a">al-Mutasawwilu&#772;n al-shurafa&#772;&#700;,</subfield><subfield code="c">lil-ka&#772;tib al-Armani&#772; al-kabi&#772;r Hagop Baronian, tarjamat Niza&#772;r al-Khali&#772;li&#772;, mura&#772;ja&#699;at Khali&#772;l al-Kinda&#772;wi&#772; [al-rusu&#772;m bi-ri&#772;shah: S&#803;a&#772;ru&#772;kha&#772;n].</subfield></datafield><datafield ind1=" " ind2=" " tag="260"><subfield code="6">880-03</subfield><subfield code="a">H&#803;alab,</subfield><subfield code="b">Maktabat al-Sharq,</subfield><subfield code="c">[1963?]</subfield></datafield><datafield ind1=" " ind2=" " tag="300"><subfield code="a">online resource (139 pages) :</subfield><subfield code="b">illustrations (part mounted color) portrait</subfield></datafield><datafield ind1=" " ind2=" " tag="336"><subfield code="a">text</subfield><subfield code="2">rdacontent</subfield></datafield><datafield ind1=" " ind2=" " tag="337"><subfield code="a">computer</subfield><subfield code="2">rdamedia</subfield></datafield><datafield ind1=" " ind2=" " tag="338"><subfield code="a">online resource</subfield><subfield code="2">rdacarrier</subfield></datafield><datafield ind1=" " ind2=" " tag="500"><subfield code="a">Part of the Arabic Collections Online (ACO) project, contributed by Columbia University Libraries.</subfield></datafield><datafield ind1=" " ind2=" " tag="533"><subfield code="a">Electronic reproduction.</subfield><subfield code="b">New York, N.Y. :</subfield><subfield code="c">New York University,</subfield><subfield code="d">2015.</subfield><subfield code="5">NNU</subfield></datafield><datafield ind1=" " ind2="0" tag="650"><subfield code="a">Armenian literature</subfield><subfield code="v">Translations into Arabic.</subfield></datafield><datafield ind1=" " ind2="7" tag="650"><subfield code="a">Armenian literature.</subfield><subfield code="2">fast</subfield><subfield code="0">(OCoLC)fst00814723</subfield></datafield><datafield ind1=" " ind2="7" tag="655"><subfield code="a">Translations.</subfield><subfield code="2">fast</subfield><subfield code="0">(OCoLC)fst01423791</subfield></datafield><datafield ind1="1" ind2=" " tag="700"><subfield code="6">880-04</subfield><subfield code="a">Khali&#772;li&#772;, Niza&#772;r.</subfield></datafield><datafield ind1="0" ind2=" " tag="700"><subfield code="6">880-05</subfield><subfield code="a">S&#803;a&#772;ru&#772;kha&#772;n.</subfield></datafield><datafield ind1="2" ind2=" " tag="710"><subfield code="a">Columbia University.</subfield><subfield code="b">Libraries.</subfield></datafield><datafield ind1="0" ind2=" " tag="730"><subfield code="a">Arabic Collections Online.</subfield></datafield><datafield ind1="0" ind2="8" tag="776"><subfield code="i">Print version:</subfield><subfield code="a">Paronean, Hakob, 1841?-1891.</subfield><subfield code="t">al-Mutasawwilu&#772;n al-shurafa&#772;&#700;</subfield><subfield code="w">(NNC)2353806</subfield><subfield code="w">(OCoLC)42862367</subfield></datafield><datafield ind1="4" ind2="0" tag="856"><subfield code="u">http://hdl.handle.net/2333.1/qnk98vvm</subfield></datafield><datafield ind1="1" ind2=" " tag="880"><subfield code="6">100-01/r</subfield><subfield code="a">&#1576;&#1585;&#1606;&#1606;&#1548; &#1607;&#1711;&#1662;&#1548; </subfield><subfield code="d">1841?-1891</subfield></datafield><datafield ind1="1" ind2="2" tag="880"><subfield code="6">245-02/r</subfield><subfield code="a">&#1575;&#1604;&#1605;&#1578;&#1587;&#1608;&#1604;&#1608;&#1606; &#1575;&#1604;&#1588;&#1585;&#1601;&#1575;&#1569;&#1548;</subfield><subfield code="c">&#1604;&#1604;&#1603;&#1575;&#1578;&#1576; &#1575;&#1604;&#1575;&#1585;&#1605;&#1606;&#1610; &#1575;&#1604;&#1603;&#1576;&#1610;&#1585; &#1607;&#1711;&#1662; &#1576;&#1585;&#1606;&#1606;&#1548; &#1578;&#1585;&#1580;&#1605;&#1577; &#1606;&#1586;&#1575;&#1585; &#1575;&#1604;&#1582;&#1604;&#1610;&#1604;&#1610;&#1548; &#1605;&#1585;&#1575;&#1580;&#1593;&#1577; &#1582;&#1604;&#1610;&#1604; &#1575;&#1604;&#1603;&#1606;&#1583;&#1575;&#1608;&#1610; [&#1575;&#1604;&#1585;&#1587;&#1608;&#1605; &#1576;&#1585;&#1610;&#1588;&#1607;: &#1589;&#1575;&#1585;&#1608;&#1582;&#1575;&#1606;].</subfield></datafield><datafield ind1=" " ind2=" " tag="880"><subfield code="6">260-03/r</subfield><subfield code="a">&#1581;&#1604;&#1576;&#1548;</subfield><subfield code="b">&#1605;&#1603;&#1578;&#1576;&#1577; &#1575;&#1604;&#1588;&#1585;&#1602;&#1548;</subfield><subfield code="c">[1963&#1567;]</subfield></datafield><datafield ind1="1" ind2=" " tag="880"><subfield code="6">700-04/r</subfield><subfield code="a">&#1582;&#1604;&#1610;&#1604;&#1610;&#1548; &#1606;&#1586;&#1575;&#1585;.</subfield></datafield><datafield ind1="0" ind2=" " tag="880"><subfield code="6">700-05/r</subfield><subfield code="a">&#1589;&#1575;&#1585;&#1608;&#1582;&#1575;&#1606;.</subfield></datafield><datafield ind1=" " ind2=" " tag="959"><subfield code="a">NNU</subfield><subfield code="b">WEB</subfield><subfield code="c">GENI</subfield><subfield code="t">0</subfield><subfield code="m">Electronic access</subfield><subfield code="s">01</subfield></datafield><datafield ind1=" " ind2=" " tag="999"><subfield code="i">NNC_2353806</subfield><subfield code="o">(OCoLC)ocm42862367</subfield><subfield code="e">(ERROR-880)</subfield><subfield code="s">columbia_aco000323</subfield></datafield></record>